<record><leader>00000cas a22000007a 4500</leader><controlfield tag="001">9931938</controlfield><controlfield tag="008">830921d18701892nyuwr ne      0    0eng d</controlfield><datafield ind1=" " ind2=" " tag="010"><subfield code="a">sn 83031633 </subfield></datafield><datafield ind1=" " ind2=" " tag="040"><subfield code="a">NPU</subfield><subfield code="b">eng</subfield><subfield code="c">NPU</subfield><subfield code="d">NPX</subfield><subfield code="d">NYG</subfield><subfield code="d">NYS</subfield><subfield code="d">OCLCQ</subfield></datafield><datafield ind1=" " ind2=" " tag="042"><subfield code="a">msc</subfield></datafield><datafield ind1="0" ind2="0" tag="245"><subfield code="a">Suspension Bridge journal.</subfield></datafield><datafield ind1=" " ind2=" " tag="260"><subfield code="a">Suspension Bridge, N.Y. :</subfield><subfield code="b">C.F. Liscom &amp; Co.</subfield></datafield><datafield ind1=" " ind2=" " tag="300"><subfield code="a">v. ;</subfield><subfield code="c">58 cm.</subfield></datafield><datafield ind1=" " ind2=" " tag="310"><subfield code="a">Weekly</subfield></datafield><datafield ind1="1" ind2=" " tag="362"><subfield code="a">Began in 1870; ceased in Mar. 1892.</subfield><subfield code="z">Cf. Williams, E.T. Niagara Co., N.Y.</subfield></datafield><datafield ind1=" " ind2=" " tag="500"><subfield code="a">Publishers: C.F. Liscom &amp; Co., &lt;1873&gt;; John Ransom, &lt;1876&gt;.</subfield></datafield><datafield ind1=" " ind2=" " tag="500"><subfield code="a">Editor: John Ransom, &lt;1876&gt;.</subfield></datafield><datafield ind1=" " ind2=" " tag="588"><subfield code="a">Description based on: Vol. 3, no. 13 (Feb. 22, 1873).</subfield></datafield><datafield ind1=" " ind2="4" tag="651"><subfield code="a">Suspension Bridge (N.Y.)</subfield><subfield code="v">Newspapers.</subfield></datafield><datafield ind1=" " ind2="4" tag="651"><subfield code="a">Niagara Falls (N.Y.)</subfield><subfield code="v">Newspapers.</subfield></datafield><datafield ind1=" " ind2="4" tag="651"><subfield code="a">Niagara County (N.Y.)</subfield><subfield code="v">Newspapers.</subfield></datafield><datafield ind1=" " ind2=" " tag="752"><subfield code="a">United States</subfield><subfield code="b">New York</subfield><subfield code="c">Niagara</subfield><subfield code="d">Suspension Bridge.</subfield></datafield><datafield ind1=" " ind2=" " tag="752"><subfield code="a">United States</subfield><subfield code="b">New York</subfield><subfield code="c">Niagara</subfield><subfield code="d">Niagara Falls.</subfield></datafield><datafield ind1="0" ind2="0" tag="780"><subfield code="t">Niagara weekly herald</subfield><subfield code="w">(DLC)sn 91066013</subfield><subfield code="w">(OCoLC)22105753</subfield></datafield><datafield ind1="0" ind2="0" tag="785"><subfield code="t">Niagara Falls journal (Niagara Falls, N.Y. : Weekly)</subfield><subfield code="w">(DLC)sn 95057945</subfield></datafield><datafield ind1="1" ind2=" " tag="029"><subfield code="a">AU@</subfield><subfield code="b">000024692183</subfield></datafield></record>